@INPROCEEDINGS{
	ai_games,
	author={Tang, Cundong and Wang, Zhiping and Sima, Xiuxiu and Zhang, Lingxiao},
	booktitle={2020 2nd International Conference on Artificial Intelligence and Advanced Manufacture (AIAM)},
	title={Research on Artificial Intelligence Algorithm and Its Application in Games},
	year={2020},
	volume={},
	number={},
	pages={386-389},
	doi={10.1109/AIAM50918.2020.00085}
}
	
@INPROCEEDINGS{
	eth,
	author={Frauenthaler, Philipp and Sigwart, Marten and Spanring, Christof and Sober, Michael and Schulte, Stefan},
	booktitle={2020 IEEE International Conference on Blockchain (Blockchain)},
	title={ETH Relay: A Cost-efficient Relay for Ethereum-based Blockchains},
	year={2020},
	volume={},
	number={},
	pages={204-213},
	doi={10.1109/Blockchain50366.2020.00032}
}