@misc{slaughterbots,
	title = {Slaughterbots},
	year = 2017,
	organization = {Youtube},
	author = {Stop Autonomous Weapons},
	howpublished = "\url{https://www.youtube.com/watch?v=9CO6M2HsoIA}",
	note = {Online; accessed 23 November 2021}
}