@INPROCEEDINGS{ai_in_games,
	author={Tang, Cundong and Wang, Zhiping and Sima, Xiuxiu and Zhang, Lingxiao},
	booktitle={2020 2nd International Conference on Artificial Intelligence and Advanced Manufacture (AIAM)},
	title={Research on Artificial Intelligence Algorithm and Its Application in Games},
	year={2020},
	volume={},
	number={},
	pages={386-389},
	doi={10.1109/AIAM50918.2020.00085}
}

@INPROCEEDINGS{turing_test,
	author={Hingston, Philip},
	booktitle={Proceedings of the 2010 IEEE Conference on Computational Intelligence and Games},
	title={A new design for a Turing Test for Bots},
	year={2010},
	volume={},
	number={},
	pages={345-350},
	doi={10.1109/ITW.2010.5593336}
}

@article{walter,
	author = {Tichy, Walter},
	year = {1998},
	month = {06},
	pages = {32 - 40},
	title = {Should Computer Scientists Experiment More?},
	volume = {31},
	journal = {Computer},
	doi = {10.1109/2.675631}
}
