@ARTICLE{ai-bias,
	author={Klare, Brendan F. and Burge, Mark J. and Klontz, Joshua C. and Vorder Bruegge, Richard W. and Jain, Anil K.},
	journal={IEEE Transactions on Information Forensics and Security},
	title={Face Recognition Performance: Role of Demographic Information},
	year={2012},
	volume={7},
	number={6},
	pages={1789-1801},
	doi={10.1109/TIFS.2012.2214212}
}