@article{cra,
  title={Is the brain's mind a computer program?},
  author={Searle},
  journal={Scientific American},
  year={1990},
  volume={262 1},
  pages={
          26-31
        }
}